<record><leader>00000cas a22000007a 4500</leader><controlfield tag="001">12367735</controlfield><controlfield tag="008">850809d186u187ugauwr ne      0    0eng d</controlfield><datafield ind1=" " ind2=" " tag="010"><subfield code="a">sn 85034006 </subfield></datafield><datafield ind1=" " ind2=" " tag="040"><subfield code="a">NPU</subfield><subfield code="b">eng</subfield><subfield code="c">NPU</subfield><subfield code="d">NPX</subfield><subfield code="d">NLG</subfield><subfield code="d">GUA</subfield><subfield code="d">OCLCQ</subfield><subfield code="d">OCLCF</subfield><subfield code="d">OCLCO</subfield></datafield><datafield ind1="1" ind2=" " tag="029"><subfield code="a">AU@</subfield><subfield code="b">000026206905</subfield></datafield><datafield ind1=" " ind2=" " tag="042"><subfield code="a">msc</subfield></datafield><datafield ind1=" " ind2=" " tag="043"><subfield code="a">n-us-ga</subfield></datafield><datafield ind1="0" ind2="4" tag="245"><subfield code="a">The Barnesville weekly gazette.</subfield></datafield><datafield ind1="1" ind2="3" tag="246"><subfield code="a">Barnesville gazette</subfield></datafield><datafield ind1=" " ind2=" " tag="260"><subfield code="a">Barnesville, Ga. :</subfield><subfield code="b">Pound &amp; Lambdin</subfield></datafield><datafield ind1=" " ind2=" " tag="300"><subfield code="a">v.</subfield></datafield><datafield ind1=" " ind2=" " tag="310"><subfield code="a">Weekly</subfield></datafield><datafield ind1=" " ind2=" " tag="530"><subfield code="a">Also on microfilm: Athens, Ga. : University of Georgia Libraries.</subfield></datafield><datafield ind1=" " ind2=" " tag="588"><subfield code="a">Description based on: Vol. 1, no. 17 (Feb. 18, 1869).</subfield></datafield><datafield ind1=" " ind2="0" tag="651"><subfield code="a">Barnesville (Ga.)</subfield><subfield code="v">Newspapers.</subfield></datafield><datafield ind1=" " ind2="0" tag="651"><subfield code="a">Lamar County (Ga.)</subfield><subfield code="v">Newspapers.</subfield></datafield><datafield ind1=" " ind2="7" tag="655"><subfield code="a">Newspapers.</subfield><subfield code="2">fast</subfield><subfield code="0">(OCoLC)fst01423814</subfield></datafield><datafield ind1=" " ind2="7" tag="651"><subfield code="a">Georgia</subfield><subfield code="z">Barnesville.</subfield><subfield code="2">fast</subfield><subfield code="0">(OCoLC)fst01216879</subfield></datafield><datafield ind1=" " ind2="7" tag="651"><subfield code="a">Georgia</subfield><subfield code="z">Lamar County.</subfield><subfield code="2">fast</subfield><subfield code="0">(OCoLC)fst01211773</subfield></datafield><datafield ind1=" " ind2=" " tag="752"><subfield code="a">United States</subfield><subfield code="b">Georgia</subfield><subfield code="c">Lamar</subfield><subfield code="d">Barnesville.</subfield></datafield><datafield ind1="0" ind2="0" tag="780"><subfield code="t">Weekly gazette (Barnesville, Ga.)</subfield><subfield code="w">(DLC)sn 89053229</subfield><subfield code="w">(OCoLC)19287243</subfield></datafield><datafield ind1="0" ind2="0" tag="785"><subfield code="t">Barnesville gazette</subfield><subfield code="w">(DLC)sn 89053227</subfield><subfield code="w">(OCoLC)19287263</subfield></datafield></record>